%% This BibTeX bibliography file was created using BibDesk.
%% http://bibdesk.sourceforge.net/


%% Created for Kelly McCaskey at 2015-04-28 11:26:18 -0400 


%% Saved with string encoding Unicode (UTF-8) 



@article{PowellTucker2013,
	Author = {Eleanor Neff Powell and Joshua A. Tucker},
	Date-Added = {2015-04-28 15:25:14 +0000},
	Date-Modified = {2015-04-28 15:26:18 +0000},
	Journal = {British Journal of Political Science},
	Pages = {123-147},
	Title = {Revisiting Electoral Volatility in Post-Communist Countries: New Data, New Results, and New Approaches},
	Volume = {44},
	Year = {2013}}

@article{Remmer1993,
	Author = {Karen L. Remmer},
	Date-Added = {2015-04-28 15:23:29 +0000},
	Date-Modified = {2015-04-28 15:24:29 +0000},
	Journal = {American Political Science Review},
	Number = {2},
	Pages = {393-407},
	Title = {The Political Economy of Elections in Latin America, 1980-1991},
	Volume = {87},
	Year = {1993}}

@article{Lewis-Beck1986,
	Author = {Michael S. Lewis-Beck},
	Date-Added = {2015-04-28 15:01:36 +0000},
	Date-Modified = {2015-04-28 15:02:21 +0000},
	Journal = {American Journal of Political Science},
	Number = {2},
	Pages = {315-346},
	Title = {Comparative Economic Voting: Britain, France, Germany, Italy},
	Volume = {30},
	Year = {1986}}

@article{Pedersen1979,
	Author = {Mogens Pedersen},
	Date-Added = {2015-04-28 14:59:51 +0000},
	Date-Modified = {2015-04-28 15:01:03 +0000},
	Journal = {European Journal of Political Research},
	Pages = {1-26},
	Title = {The Dyamics of European Party Systems: Changing Patterns of Electoral Volatility},
	Volume = {7},
	Year = {1979}}

@article{Rogowski1987,
	Author = {Ronald Rogowski},
	Date-Added = {2015-04-28 14:58:24 +0000},
	Date-Modified = {2015-04-28 15:24:46 +0000},
	Journal = {American Political Science Review},
	Number = {4},
	Pages = {1121-1137},
	Title = {Political Cleavages and Changing Exposure to Trade},
	Volume = {81},
	Year = {1987}}

@article{Hiscox2001,
	Author = {Michael J. Hiscox},
	Date-Added = {2015-04-28 14:27:03 +0000},
	Date-Modified = {2015-04-28 14:57:34 +0000},
	Journal = {International Organization},
	Number = {1},
	Pages = {1-46},
	Title = {Class Versus Industry Cleavages: Inter-Industry Factor Mobility and the Politics of Trade},
	Volume = {55},
	Year = {2001}}

@article{Feenstra1998,
	Author = {Robert C. Feenstra},
	Date-Added = {2015-04-28 14:23:00 +0000},
	Date-Modified = {2015-04-28 14:24:12 +0000},
	Journal = {Journal Economic Perspective},
	Number = {4},
	Pages = {31-50},
	Title = {Integration of Trade and Distinegration of Production in the Global Economy},
	Volume = {12},
	Year = {1998}}

@book{Gourevitch1986,
	Author = {Peter Gourevitch},
	Date-Added = {2015-04-28 14:22:02 +0000},
	Date-Modified = {2015-04-28 14:22:51 +0000},
	Publisher = {Cornell University Press},
	Title = {Politics in Hard Times},
	Year = {1986}}

@techreport{Rodrik1997,
	Author = {Dani Rodrik},
	Date-Added = {2015-04-28 14:19:54 +0000},
	Date-Modified = {2015-04-28 14:21:13 +0000},
	Institution = {Washington, DC: Institute of International Economics},
	Title = {Has Globalization Gone Too Far?},
	Year = {1997}}

@book{Wood1994,
	Author = {Adrian Wood},
	Date-Added = {2015-04-28 14:18:40 +0000},
	Date-Modified = {2015-04-28 14:21:21 +0000},
	Publisher = {Oxford University Press},
	Title = {North-South Trade, Employment, and Inequality: Changing Fortunes in a Skill-Driven World},
	Year = {1994}}
